@misc{
dtmstation,
AUTHOR="Fujimoto Ken", 
TITLE="藤本健の-DTMステーション-",
}

@misc{
melorepi,
AUTHOR="kobayashi365", 
TITLE="メロレピ　DTM初心者のための作曲方法やソフトを解説 ",
}

@misc{
yoridokoro,
}